%DANESI
@INPROCEEDINGS{6816739, 
author={Boysen, M. and de Haas, C. and Hua Lu and Xike Xie and Pilvinyte, A.}, 
booktitle={Data Engineering (ICDE), 2014 IEEE 30th International Conference on}, 
title={Constructing indoor navigation systems from digital building information}, 
year={2014}, 
month={March}, 
pages={1194-1197}, 
keywords={SQL;building management systems;geographic information systems;indoor environment;topology;DBI files;IFC;PostGIS;PostgreSQL;digital building information;geometric representation;indoor distance computation;indoor navigation service;indoor navigation systems;indoor space characteristics;indoor space entities;indoor space model creation;industry foundation classes;mobile terminals;topology;Buildings;Databases;Mobile communication;Navigation;Servers;Solid modeling;Topology}, 
doi={10.1109/ICDE.2014.6816739},}

%ARABI
@INPROCEEDINGS{6815564, 
author={Al Delail, B. and Weruaga, L. and Zemerly, M.J. and Ng, J.W.P.}, 
booktitle={Electronics, Circuits, and Systems (ICECS), 2013 IEEE 20th International Conference on}, 
title={Indoor localization and navigation using smartphones augmented reality and inertial tracking}, 
year={2013}, 
month={Dec}, 
pages={929-932}, 
keywords={augmented reality;data communication;indoor radio;inertial navigation;object tracking;smart phones;AR;Bluetooth;RFID;Wi-Fi;data communication technology;indoor image-based positioning system;indoor navigation;inertial tracking;mobile application;radio frequency identification;radio signal measurement;sensors resources;smartphones augmented reality;wireless based indoor positioning systems;wireless fidelity;Augmented reality;Mobile communication;Navigation;Sensors;Smart phones;Three-dimensional displays;Visualization;Augmented Reality;Indoor Localization;Indoor Navigation;Iner-tial Tracking}, 
doi={10.1109/ICECS.2013.6815564},}

%POLACCHI
@INPROCEEDINGS{6418876, 
author={Gotlib, D. and Gnat, M. and Marciniak, J.}, 
booktitle={Indoor Positioning and Indoor Navigation (IPIN), 2012 International Conference on}, 
title={The research on cartographical indoor presentation and indoor route modeling for navigation applications}, 
year={2012}, 
month={Nov}, 
pages={1-7}, 
keywords={architectural CAD;buildings (structures);cartography;indoor environment;mobile computing;navigation;GIS vector data models;architectural plans;cartographical indoor presentation;cartographical methodology;construction drawings;graphic designers;indoor navigation systems;indoor plans;indoor route modeling;mobile device;navigation graph;Data models;Data visualization;Navigation;Tracking;Vectors;GIS;LBS;building modeling;indoor navigation;mobile cartography}, 
doi={10.1109/IPIN.2012.6418876},}

%PANZIERI
@INPROCEEDINGS{6878152, 
author={Faramondi, L. and Inderst, F. and Panzieri, S. and Pascucci, F.}, 
booktitle={Advanced Intelligent Mechatronics (AIM), 2014 IEEE/ASME International Conference on}, 
title={Hybrid map building for personal indoor navigation systems}, 
year={2014}, 
month={July}, 
pages={646-651}, 
keywords={cartography;image processing;information retrieval;navigation;geometric information;hybrid map building;image processing techniques;information retrieval;metric information;personal indoor navigation systems;quantitative localisation;symbolic information;topological graph;user readability;Buildings;Gyroscopes;Image edge detection;Magnetometers;Navigation;Semantics;Solid modeling}, 
doi={10.1109/AIM.2014.6878152},}

%CINESI
@INPROCEEDINGS{6999103, 
author={Weijun Bian and Yucheng Guo and Qizhi Qiu}, 
booktitle={Distributed Computing and Applications to Business, Engineering and Science (DCABES), 2014 13th International Symposium on}, 
title={Research on Personalized Indoor Routing Algorithm}, 
year={2014}, 
month={Nov}, 
pages={275-277}, 
keywords={Global Positioning System;geographic information systems;indoor navigation;GPS positioning technology;buildings;cross-storey;indoor environment;indoor maps;indoor navigation system;indoor navigation technology;indoor positioning technology;personalized A* algorithm;personalized indoor routing algorithm;personalized path;shortest path;user preference;Buildings;Educational institutions;Global Positioning System;Heuristic algorithms;Routing;Vectors;indoor navigation;personalized;routing algorithm;user preference}, 
doi={10.1109/DCABES.2014.60},}
